%YAML 1.1
%TAG !u! tag:unity3d.com,2011:
--- !u!1001 &8196077114953386883
PrefabInstance:
  m_ObjectHideFlags: 0
  serializedVersion: 2
  m_Modification:
    serializedVersion: 3
    m_TransformParent: {fileID: 0}
    m_Modifications:
    - target: {fileID: -8679921383154817045, guid: eea4d24a23332fe4b803c0a823a7ec50,
        type: 3}
      propertyPath: m_LocalScale.x
      value: 0.625375
      objectReference: {fileID: 0}
    - target: {fileID: -8679921383154817045, guid: eea4d24a23332fe4b803c0a823a7ec50,
        type: 3}
      propertyPath: m_LocalScale.y
      value: 0.625375
      objectReference: {fileID: 0}
    - target: {fileID: -8679921383154817045, guid: eea4d24a23332fe4b803c0a823a7ec50,
        type: 3}
      propertyPath: m_LocalScale.z
      value: 0.625375
      objectReference: {fileID: 0}
    - target: {fileID: -8679921383154817045, guid: eea4d24a23332fe4b803c0a823a7ec50,
        type: 3}
      propertyPath: m_LocalPosition.x
      value: -1.269
      objectReference: {fileID: 0}
    - target: {fileID: -8679921383154817045, guid: eea4d24a23332fe4b803c0a823a7ec50,
        type: 3}
      propertyPath: m_LocalPosition.y
      value: 0.00000011920929
      objectReference: {fileID: 0}
    - target: {fileID: -8679921383154817045, guid: eea4d24a23332fe4b803c0a823a7ec50,
        type: 3}
      propertyPath: m_LocalPosition.z
      value: -0.04
      objectReference: {fileID: 0}
    - target: {fileID: -8679921383154817045, guid: eea4d24a23332fe4b803c0a823a7ec50,
        type: 3}
      propertyPath: m_LocalRotation.w
      value: 1
      objectReference: {fileID: 0}
    - target: {fileID: -8679921383154817045, guid: eea4d24a23332fe4b803c0a823a7ec50,
        type: 3}
      propertyPath: m_LocalRotation.x
      value: 0
      objectReference: {fileID: 0}
    - target: {fileID: -8679921383154817045, guid: eea4d24a23332fe4b803c0a823a7ec50,
        type: 3}
      propertyPath: m_LocalRotation.y
      value: 0
      objectReference: {fileID: 0}
    - target: {fileID: -8679921383154817045, guid: eea4d24a23332fe4b803c0a823a7ec50,
        type: 3}
      propertyPath: m_LocalRotation.z
      value: 0
      objectReference: {fileID: 0}
    - target: {fileID: -8679921383154817045, guid: eea4d24a23332fe4b803c0a823a7ec50,
        type: 3}
      propertyPath: m_LocalEulerAnglesHint.x
      value: 0
      objectReference: {fileID: 0}
    - target: {fileID: -8679921383154817045, guid: eea4d24a23332fe4b803c0a823a7ec50,
        type: 3}
      propertyPath: m_LocalEulerAnglesHint.y
      value: 0
      objectReference: {fileID: 0}
    - target: {fileID: -8679921383154817045, guid: eea4d24a23332fe4b803c0a823a7ec50,
        type: 3}
      propertyPath: m_LocalEulerAnglesHint.z
      value: 0
      objectReference: {fileID: 0}
    - target: {fileID: 919132149155446097, guid: eea4d24a23332fe4b803c0a823a7ec50,
        type: 3}
      propertyPath: m_Name
      value: Enemy@T-Pose
      objectReference: {fileID: 0}
    - target: {fileID: 919132149155446097, guid: eea4d24a23332fe4b803c0a823a7ec50,
        type: 3}
      propertyPath: m_TagString
      value: enemy
      objectReference: {fileID: 0}
    - target: {fileID: 5866666021909216657, guid: eea4d24a23332fe4b803c0a823a7ec50,
        type: 3}
      propertyPath: m_Controller
      value: 
      objectReference: {fileID: 9100000, guid: 6fadb9ef00d1105488a411a8d9b46091, type: 2}
    m_RemovedComponents: []
    m_RemovedGameObjects: []
    m_AddedGameObjects: []
    m_AddedComponents:
    - targetCorrespondingSourceObject: {fileID: 919132149155446097, guid: eea4d24a23332fe4b803c0a823a7ec50,
        type: 3}
      insertIndex: -1
      addedObject: {fileID: 1490896204254193655}
    - targetCorrespondingSourceObject: {fileID: 919132149155446097, guid: eea4d24a23332fe4b803c0a823a7ec50,
        type: 3}
      insertIndex: -1
      addedObject: {fileID: 6825945740750680799}
    - targetCorrespondingSourceObject: {fileID: 919132149155446097, guid: eea4d24a23332fe4b803c0a823a7ec50,
        type: 3}
      insertIndex: -1
      addedObject: {fileID: 5510350365883959057}
    - targetCorrespondingSourceObject: {fileID: 919132149155446097, guid: eea4d24a23332fe4b803c0a823a7ec50,
        type: 3}
      insertIndex: -1
      addedObject: {fileID: 8741479604864938654}
    - targetCorrespondingSourceObject: {fileID: 919132149155446097, guid: eea4d24a23332fe4b803c0a823a7ec50,
        type: 3}
      insertIndex: -1
      addedObject: {fileID: 7685682499115997256}
    - targetCorrespondingSourceObject: {fileID: 919132149155446097, guid: eea4d24a23332fe4b803c0a823a7ec50,
        type: 3}
      insertIndex: -1
      addedObject: {fileID: 3908196231219738783}
  m_SourcePrefab: {fileID: 100100000, guid: eea4d24a23332fe4b803c0a823a7ec50, type: 3}
--- !u!1 &9043009695497615058 stripped
GameObject:
  m_CorrespondingSourceObject: {fileID: 919132149155446097, guid: eea4d24a23332fe4b803c0a823a7ec50,
    type: 3}
  m_PrefabInstance: {fileID: 8196077114953386883}
  m_PrefabAsset: {fileID: 0}
--- !u!136 &1490896204254193655
CapsuleCollider:
  m_ObjectHideFlags: 0
  m_CorrespondingSourceObject: {fileID: 0}
  m_PrefabInstance: {fileID: 0}
  m_PrefabAsset: {fileID: 0}
  m_GameObject: {fileID: 9043009695497615058}
  m_Material: {fileID: 0}
  m_IncludeLayers:
    serializedVersion: 2
    m_Bits: 0
  m_ExcludeLayers:
    serializedVersion: 2
    m_Bits: 0
  m_LayerOverridePriority: 0
  m_IsTrigger: 1
  m_ProvidesContacts: 0
  m_Enabled: 1
  serializedVersion: 2
  m_Radius: 0.5
  m_Height: 3.3808925
  m_Direction: 1
  m_Center: {x: 0, y: 1.1904455, z: 0}
--- !u!54 &6825945740750680799
Rigidbody:
  m_ObjectHideFlags: 0
  m_CorrespondingSourceObject: {fileID: 0}
  m_PrefabInstance: {fileID: 0}
  m_PrefabAsset: {fileID: 0}
  m_GameObject: {fileID: 9043009695497615058}
  serializedVersion: 4
  m_Mass: 1
  m_Drag: 0
  m_AngularDrag: 0.05
  m_CenterOfMass: {x: 0, y: 0, z: 0}
  m_InertiaTensor: {x: 1, y: 1, z: 1}
  m_InertiaRotation: {x: 0, y: 0, z: 0, w: 1}
  m_IncludeLayers:
    serializedVersion: 2
    m_Bits: 0
  m_ExcludeLayers:
    serializedVersion: 2
    m_Bits: 0
  m_ImplicitCom: 1
  m_ImplicitTensor: 1
  m_UseGravity: 1
  m_IsKinematic: 0
  m_Interpolate: 0
  m_Constraints: 0
  m_CollisionDetection: 0
--- !u!114 &5510350365883959057
MonoBehaviour:
  m_ObjectHideFlags: 0
  m_CorrespondingSourceObject: {fileID: 0}
  m_PrefabInstance: {fileID: 0}
  m_PrefabAsset: {fileID: 0}
  m_GameObject: {fileID: 9043009695497615058}
  m_Enabled: 1
  m_EditorHideFlags: 0
  m_Script: {fileID: 11500000, guid: 2e54e5bafadf11343801b3d8b30fe599, type: 3}
  m_Name: 
  m_EditorClassIdentifier: 
  enemy: {fileID: 8741479604864938654}
--- !u!195 &8741479604864938654
NavMeshAgent:
  m_ObjectHideFlags: 0
  m_CorrespondingSourceObject: {fileID: 0}
  m_PrefabInstance: {fileID: 0}
  m_PrefabAsset: {fileID: 0}
  m_GameObject: {fileID: 9043009695497615058}
  m_Enabled: 1
  m_AgentTypeID: 0
  m_Radius: 0.5
  m_Speed: 3.5
  m_Acceleration: 8
  avoidancePriority: 50
  m_AngularSpeed: 120
  m_StoppingDistance: 0
  m_AutoTraverseOffMeshLink: 1
  m_AutoBraking: 1
  m_AutoRepath: 1
  m_Height: 1
  m_BaseOffset: 0.5
  m_WalkableMask: 4294967295
  m_ObstacleAvoidanceType: 4
--- !u!114 &7685682499115997256
MonoBehaviour:
  m_ObjectHideFlags: 0
  m_CorrespondingSourceObject: {fileID: 0}
  m_PrefabInstance: {fileID: 0}
  m_PrefabAsset: {fileID: 0}
  m_GameObject: {fileID: 9043009695497615058}
  m_Enabled: 1
  m_EditorHideFlags: 0
  m_Script: {fileID: 11500000, guid: c266156b77cf8e149a8a50f520ae8afb, type: 3}
  m_Name: 
  m_EditorClassIdentifier: 
  vfxExplosion: {fileID: 5601036089067188827, guid: 924e772d99fea934f8c7dff7c622e78a,
    type: 3}
  enemyHealth: 6
--- !u!114 &3908196231219738783
MonoBehaviour:
  m_ObjectHideFlags: 0
  m_CorrespondingSourceObject: {fileID: 0}
  m_PrefabInstance: {fileID: 0}
  m_PrefabAsset: {fileID: 0}
  m_GameObject: {fileID: 9043009695497615058}
  m_Enabled: 1
  m_EditorHideFlags: 0
  m_Script: {fileID: 11500000, guid: ebf4d83e20e17594e9721d307685e699, type: 3}
  m_Name: 
  m_EditorClassIdentifier: 
